@inproceedings{Yan:2002:GGS:844380.844811,
 author = {Yan, Xifeng and Han, Jiawei},
 title = {gSpan: Graph-Based Substructure Pattern Mining},
 booktitle = {Proceedings of the 2002 IEEE International Conference on Data Mining},
 series = {ICDM '02},
 year = {2002},
 isbn = {0-7695-1754-4},
 pages = {721--},
 url = {http://dl.acm.org/citation.cfm?id=844380.844811},
 acmid = {844811},
 publisher = {IEEE Computer Society},
 address = {Washington, DC, USA},
}
@inbook{FormalSoftwareVerification,
  author={Damiani,Ernesto and Ardagna,Claudio A. and El Ioini,Nabil},
  year={2009},
  title={Formal methods for software verification},
  publisher={Springer US},
  address={Boston, MA},
  pages={1-26},
  keywords={Computer Science; Programming Languages, Compilers, Interpreters; Data Structures, Cryptology and Information Theory; Software Engineering/Programming and Operating Systems; Data Encryption; Systems and Data Security; Information Systems Applications (incl.Internet)},
  isbn={0387773231; 9780387773230},
  language={English},
  url={www.summon.com},
}
@article{DeductiveSoftwareVerification,
  author={Filli√¢tre,Jean-Christophe},
  year={2011},
  title={Deductive software verification},
  journal={International Journal on Software Tools for Technology Transfer},
  volume={13},
  number={5},
  pages={397-403},
  keywords={Specification language; Software verification; Computer Science; Automated theorem prover; Hoare logic; Software Engineering/Programming and Operating Systems; Proof assistant; Software Engineering; Theory of Computation; Product testing; Theorems; Software},
  isbn={1433-2779},
  language={English},
  url={www.summon.com},
}